@Book{Hartley2004,
  Title                    = {Multiple View Geometry in Computer Vision},
  Author                   = {Hartley, R.~I. and Zisserman, A.},
  Publisher                = {Cambridge University Press, ISBN: 0521540518},
  Year                     = {2004},
  Edition                  = {Second}
}
